@online{xkcd_standards,
  author = {Randall Munroe},
  title = {xkcd: Standards},
  year = 2011,
  url = {https://xkcd.com/927/},
  urldate = {2011-07-20}
}
@online{publish_or_perish,
  author = {},
  title = {Publish or Perish},
  year = 2016,
  url = {https://harzing.com/resources/publish-or-perish},
  urldate = {2016-02-06},
}
@online{svelte,
  author = {},
  title = {Svelte â€¢ Cybernetically enhanced web apps},
  year = 2020,
  url = {https://svelte.dev/},
  urldate = {2020-01-01},
}
@online{python,
  author = {},
  title = {Python},
  year = 2020,
  url = {https://www.python.org/},
  urldate = {2020-01-01},
}
